%YAML 1.1
%TAG !u! tag:unity3d.com,2011:
--- !u!1001 &100100000
Prefab:
  m_ObjectHideFlags: 1
  serializedVersion: 2
  m_Modification:
    m_TransformParent: {fileID: 0}
    m_Modifications: []
    m_RemovedComponents: []
  m_ParentPrefab: {fileID: 0}
  m_RootGameObject: {fileID: 1458684534732524}
  m_IsPrefabParent: 1
--- !u!1 &1055975965462716
GameObject:
  m_ObjectHideFlags: 0
  m_PrefabParentObject: {fileID: 0}
  m_PrefabInternal: {fileID: 100100000}
  serializedVersion: 5
  m_Component:
  - component: {fileID: 4364372980833294}
  - component: {fileID: 23301937217870948}
  - component: {fileID: 102463068758105394}
  - component: {fileID: 114722355552871996}
  - component: {fileID: 114814605537402634}
  - component: {fileID: 114517745642081068}
  m_Layer: 0
  m_Name: BarraTxtVisualizador
  m_TagString: Untagged
  m_Icon: {fileID: 0}
  m_NavMeshLayer: 0
  m_StaticEditorFlags: 0
  m_IsActive: 1
--- !u!1 &1458684534732524
GameObject:
  m_ObjectHideFlags: 0
  m_PrefabParentObject: {fileID: 0}
  m_PrefabInternal: {fileID: 100100000}
  serializedVersion: 5
  m_Component:
  - component: {fileID: 4894477372791020}
  - component: {fileID: 114228276370153756}
  - component: {fileID: 114954770256024490}
  - component: {fileID: 114439666624381504}
  - component: {fileID: 114780490973186230}
  - component: {fileID: 114105052894018122}
  - component: {fileID: 114123563866501378}
  m_Layer: 0
  m_Name: SpikeV3 Sistema_ComboPorBarras V2
  m_TagString: Terreno
  m_Icon: {fileID: 0}
  m_NavMeshLayer: 0
  m_StaticEditorFlags: 0
  m_IsActive: 0
--- !u!1 &1818877166118866
GameObject:
  m_ObjectHideFlags: 0
  m_PrefabParentObject: {fileID: 0}
  m_PrefabInternal: {fileID: 100100000}
  serializedVersion: 5
  m_Component:
  - component: {fileID: 4921355414284286}
  - component: {fileID: 82573230625601828}
  - component: {fileID: 114690792462911638}
  - component: {fileID: 114110971517956970}
  - component: {fileID: 114876983930310582}
  m_Layer: 0
  m_Name: Combo
  m_TagString: Untagged
  m_Icon: {fileID: 0}
  m_NavMeshLayer: 0
  m_StaticEditorFlags: 0
  m_IsActive: 1
--- !u!1 &1871057539009616
GameObject:
  m_ObjectHideFlags: 1
  m_PrefabParentObject: {fileID: 0}
  m_PrefabInternal: {fileID: 100100000}
  serializedVersion: 5
  m_Component:
  - component: {fileID: 4579173972620562}
  - component: {fileID: 23386252714953728}
  - component: {fileID: 102904686791470236}
  - component: {fileID: 114111758359525250}
  - component: {fileID: 114210458950355756}
  - component: {fileID: 114729748900075180}
  m_Layer: 0
  m_Name: TextMesh
  m_TagString: Untagged
  m_Icon: {fileID: 0}
  m_NavMeshLayer: 0
  m_StaticEditorFlags: 0
  m_IsActive: 1
--- !u!4 &4364372980833294
Transform:
  m_ObjectHideFlags: 1
  m_PrefabParentObject: {fileID: 0}
  m_PrefabInternal: {fileID: 100100000}
  m_GameObject: {fileID: 1055975965462716}
  m_LocalRotation: {x: -0, y: -0, z: -0, w: 1}
  m_LocalPosition: {x: 0, y: 0, z: 0}
  m_LocalScale: {x: 1, y: 1, z: 1}
  m_Children: []
  m_Father: {fileID: 4894477372791020}
  m_RootOrder: 0
  m_LocalEulerAnglesHint: {x: 0, y: 0, z: 0}
--- !u!4 &4579173972620562
Transform:
  m_ObjectHideFlags: 1
  m_PrefabParentObject: {fileID: 0}
  m_PrefabInternal: {fileID: 100100000}
  m_GameObject: {fileID: 1871057539009616}
  m_LocalRotation: {x: 0, y: 0, z: 0, w: 1}
  m_LocalPosition: {x: 0, y: -6, z: 1}
  m_LocalScale: {x: 1, y: 1, z: 1}
  m_Children: []
  m_Father: {fileID: 4921355414284286}
  m_RootOrder: 0
  m_LocalEulerAnglesHint: {x: 0, y: 0, z: 0}
--- !u!4 &4894477372791020
Transform:
  m_ObjectHideFlags: 1
  m_PrefabParentObject: {fileID: 0}
  m_PrefabInternal: {fileID: 100100000}
  m_GameObject: {fileID: 1458684534732524}
  m_LocalRotation: {x: 0, y: 0, z: 0, w: 1}
  m_LocalPosition: {x: 0, y: 0, z: 0}
  m_LocalScale: {x: 1, y: 1, z: 1}
  m_Children:
  - {fileID: 4364372980833294}
  - {fileID: 4921355414284286}
  m_Father: {fileID: 0}
  m_RootOrder: 0
  m_LocalEulerAnglesHint: {x: 0, y: 0, z: 0}
--- !u!4 &4921355414284286
Transform:
  m_ObjectHideFlags: 1
  m_PrefabParentObject: {fileID: 0}
  m_PrefabInternal: {fileID: 100100000}
  m_GameObject: {fileID: 1818877166118866}
  m_LocalRotation: {x: 0, y: 0, z: 0, w: 1}
  m_LocalPosition: {x: -1.4601377, y: 2.6543472, z: 89.94465}
  m_LocalScale: {x: 1, y: 1, z: 1}
  m_Children:
  - {fileID: 4579173972620562}
  m_Father: {fileID: 4894477372791020}
  m_RootOrder: 1
  m_LocalEulerAnglesHint: {x: 0, y: 0, z: 0}
--- !u!23 &23301937217870948
MeshRenderer:
  m_ObjectHideFlags: 1
  m_PrefabParentObject: {fileID: 0}
  m_PrefabInternal: {fileID: 100100000}
  m_GameObject: {fileID: 1055975965462716}
  m_Enabled: 1
  m_CastShadows: 0
  m_ReceiveShadows: 0
  m_MotionVectors: 1
  m_LightProbeUsage: 1
  m_ReflectionProbeUsage: 1
  m_Materials:
  - {fileID: 2100000, guid: 911084d9b034cfc44b2565a030255562, type: 3}
  m_StaticBatchInfo:
    firstSubMesh: 0
    subMeshCount: 0
  m_StaticBatchRoot: {fileID: 0}
  m_ProbeAnchor: {fileID: 0}
  m_LightProbeVolumeOverride: {fileID: 0}
  m_ScaleInLightmap: 1
  m_PreserveUVs: 0
  m_IgnoreNormalsForChartDetection: 0
  m_ImportantGI: 0
  m_SelectedEditorRenderState: 3
  m_MinimumChartSize: 4
  m_AutoUVMaxDistance: 0.5
  m_AutoUVMaxAngle: 89
  m_LightmapParameters: {fileID: 0}
  m_SortingLayerID: 0
  m_SortingLayer: 0
  m_SortingOrder: 0
--- !u!23 &23386252714953728
MeshRenderer:
  m_ObjectHideFlags: 1
  m_PrefabParentObject: {fileID: 0}
  m_PrefabInternal: {fileID: 100100000}
  m_GameObject: {fileID: 1871057539009616}
  m_Enabled: 1
  m_CastShadows: 0
  m_ReceiveShadows: 0
  m_MotionVectors: 1
  m_LightProbeUsage: 1
  m_ReflectionProbeUsage: 1
  m_Materials:
  - {fileID: 2100000, guid: 911084d9b034cfc44b2565a030255562, type: 3}
  m_StaticBatchInfo:
    firstSubMesh: 0
    subMeshCount: 0
  m_StaticBatchRoot: {fileID: 0}
  m_ProbeAnchor: {fileID: 0}
  m_LightProbeVolumeOverride: {fileID: 0}
  m_ScaleInLightmap: 1
  m_PreserveUVs: 0
  m_IgnoreNormalsForChartDetection: 0
  m_ImportantGI: 0
  m_SelectedEditorRenderState: 3
  m_MinimumChartSize: 4
  m_AutoUVMaxDistance: 0.5
  m_AutoUVMaxAngle: 89
  m_LightmapParameters: {fileID: 0}
  m_SortingLayerID: 0
  m_SortingLayer: 0
  m_SortingOrder: 0
--- !u!82 &82573230625601828
AudioSource:
  m_ObjectHideFlags: 1
  m_PrefabParentObject: {fileID: 0}
  m_PrefabInternal: {fileID: 100100000}
  m_GameObject: {fileID: 1818877166118866}
  m_Enabled: 1
  serializedVersion: 4
  OutputAudioMixerGroup: {fileID: 243163058716892424, guid: c248602f79a814941822d1667d237299,
    type: 2}
  m_audioClip: {fileID: 8300000, guid: 6a92966ee6e76c546bf58eb07fd5fce3, type: 3}
  m_PlayOnAwake: 0
  m_Volume: 0.35
  m_Pitch: 1
  Loop: 0
  Mute: 0
  Spatialize: 0
  SpatializePostEffects: 0
  Priority: 128
  DopplerLevel: 1
  MinDistance: 1
  MaxDistance: 500
  Pan2D: 0
  rolloffMode: 0
  BypassEffects: 0
  BypassListenerEffects: 0
  BypassReverbZones: 0
  rolloffCustomCurve:
    serializedVersion: 2
    m_Curve:
    - serializedVersion: 2
      time: 0
      value: 1
      inSlope: 0
      outSlope: 0
      tangentMode: 0
    - serializedVersion: 2
      time: 1
      value: 0
      inSlope: 0
      outSlope: 0
      tangentMode: 0
    m_PreInfinity: 2
    m_PostInfinity: 2
    m_RotationOrder: 4
  panLevelCustomCurve:
    serializedVersion: 2
    m_Curve:
    - serializedVersion: 2
      time: 0
      value: 0
      inSlope: 0
      outSlope: 0
      tangentMode: 0
    m_PreInfinity: 2
    m_PostInfinity: 2
    m_RotationOrder: 0
  spreadCustomCurve:
    serializedVersion: 2
    m_Curve:
    - serializedVersion: 2
      time: 0
      value: 0
      inSlope: 0
      outSlope: 0
      tangentMode: 0
    m_PreInfinity: 2
    m_PostInfinity: 2
    m_RotationOrder: 4
  reverbZoneMixCustomCurve:
    serializedVersion: 2
    m_Curve:
    - serializedVersion: 2
      time: 0
      value: 1
      inSlope: 0
      outSlope: 0
      tangentMode: 0
    m_PreInfinity: 2
    m_PostInfinity: 2
    m_RotationOrder: 0
--- !u!102 &102463068758105394
TextMesh:
  serializedVersion: 3
  m_ObjectHideFlags: 1
  m_PrefabParentObject: {fileID: 0}
  m_PrefabInternal: {fileID: 100100000}
  m_GameObject: {fileID: 1055975965462716}
  m_Text: x3
  m_OffsetZ: -2
  m_CharacterSize: 0.18
  m_LineSpacing: 1
  m_Anchor: 4
  m_Alignment: 1
  m_TabSize: 4
  m_FontSize: 55
  m_FontStyle: 0
  m_RichText: 1
  m_Font: {fileID: 12800000, guid: 911084d9b034cfc44b2565a030255562, type: 3}
  m_Color:
    serializedVersion: 2
    rgba: 4293590915
--- !u!102 &102904686791470236
TextMesh:
  serializedVersion: 3
  m_ObjectHideFlags: 1
  m_PrefabParentObject: {fileID: 0}
  m_PrefabInternal: {fileID: 100100000}
  m_GameObject: {fileID: 1871057539009616}
  m_Text: x3
  m_OffsetZ: -2
  m_CharacterSize: 0.18
  m_LineSpacing: 1
  m_Anchor: 4
  m_Alignment: 1
  m_TabSize: 4
  m_FontSize: 60
  m_FontStyle: 0
  m_RichText: 1
  m_Font: {fileID: 12800000, guid: 911084d9b034cfc44b2565a030255562, type: 3}
  m_Color:
    serializedVersion: 2
    rgba: 4293590915
--- !u!114 &114105052894018122
MonoBehaviour:
  m_ObjectHideFlags: 1
  m_PrefabParentObject: {fileID: 0}
  m_PrefabInternal: {fileID: 100100000}
  m_GameObject: {fileID: 1458684534732524}
  m_Enabled: 1
  m_EditorHideFlags: 0
  m_Script: {fileID: 11500000, guid: 82a00621f9a3dff478e739cc945c4e8f, type: 3}
  m_Name: 
  m_EditorClassIdentifier: 
  serializationData:
    SerializedFormat: 2
    SerializedBytes: 
    ReferencedUnityObjects: []
    SerializedBytesString: 
    Prefab: {fileID: 0}
    PrefabModificationsReferencedUnityObjects: []
    PrefabModifications: []
    SerializationNodes: []
  usarDescripcion: 1
  descripcion: Final se suma el puntaje cache al puntaje actual
  ocultarEvento: 1
  Event: {fileID: 0}
  ocultarRespuesta: 1
  Response:
    m_PersistentCalls:
      m_Calls: []
    m_TypeName: UnityEngine.Events.UnityEvent, UnityEngine, Version=0.0.0.0, Culture=neutral,
      PublicKeyToken=null
  var: {fileID: 11400000, guid: 313984531aaa97844b0a530a9741be54, type: 2}
  newResponse:
    m_PersistentCalls:
      m_Calls:
      - m_Target: {fileID: 11400000, guid: 8c23ba8d5cb059c4b855d20cad671e40, type: 2}
        m_MethodName: SumarPuntaje
        m_Mode: 0
        m_Arguments:
          m_ObjectArgument: {fileID: 0}
          m_ObjectArgumentAssemblyTypeName: UnityEngine.Object, UnityEngine
          m_IntArgument: 0
          m_FloatArgument: 0
          m_StringArgument: 
          m_BoolArgument: 0
        m_CallState: 2
    m_TypeName: UnityEventFloat, Assembly-CSharp, Version=0.0.0.0, Culture=neutral,
      PublicKeyToken=null
--- !u!114 &114110971517956970
MonoBehaviour:
  m_ObjectHideFlags: 1
  m_PrefabParentObject: {fileID: 0}
  m_PrefabInternal: {fileID: 100100000}
  m_GameObject: {fileID: 1818877166118866}
  m_Enabled: 1
  m_EditorHideFlags: 0
  m_Script: {fileID: 11500000, guid: 0d1c4996d7269c942b8ba185fac418f1, type: 3}
  m_Name: 
  m_EditorClassIdentifier: 
  serializationData:
    SerializedFormat: 2
    SerializedBytes: 
    ReferencedUnityObjects:
    - {fileID: 11400000, guid: 1f60dd1feb2978e4289375dd62a48c1b, type: 2}
    - {fileID: 11400000, guid: b03e152a87195ae4cbafb7258d191e30, type: 2}
    SerializedBytesString: 
    Prefab: {fileID: 0}
    PrefabModificationsReferencedUnityObjects: []
    PrefabModifications: []
    SerializationNodes:
    - Name: prefijo
      Entry: 7
      Data: 0|VariableReference`1[[System.String, mscorlib]], Assembly-CSharp
    - Name: UsarConstante
      Entry: 5
      Data: true
    - Name: ConstantValue
      Entry: 1
      Data: x
    - Name: Variable
      Entry: 6
      Data: 
    - Name: 
      Entry: 8
      Data: 
    - Name: sufijo
      Entry: 7
      Data: 1|VariableReference`1[[System.String, mscorlib]], Assembly-CSharp
    - Name: UsarConstante
      Entry: 5
      Data: true
    - Name: ConstantValue
      Entry: 1
      Data: '!'
    - Name: Variable
      Entry: 6
      Data: 
    - Name: 
      Entry: 8
      Data: 
    - Name: textoFinal
      Entry: 7
      Data: 2|VariableReference`1[[System.String, mscorlib]], Assembly-CSharp
    - Name: UsarConstante
      Entry: 5
      Data: false
    - Name: ConstantValue
      Entry: 6
      Data: 
    - Name: Variable
      Entry: 10
      Data: 0
    - Name: 
      Entry: 8
      Data: 
    - Name: multiplicador
      Entry: 7
      Data: 3|VariableReference`1[[System.Single, mscorlib]], Assembly-CSharp
    - Name: UsarConstante
      Entry: 5
      Data: false
    - Name: ConstantValue
      Entry: 4
      Data: 0
    - Name: Variable
      Entry: 10
      Data: 1
    - Name: 
      Entry: 8
      Data: 
--- !u!114 &114111758359525250
MonoBehaviour:
  m_ObjectHideFlags: 1
  m_PrefabParentObject: {fileID: 0}
  m_PrefabInternal: {fileID: 100100000}
  m_GameObject: {fileID: 1871057539009616}
  m_Enabled: 1
  m_EditorHideFlags: 0
  m_Script: {fileID: 11500000, guid: 1b17785848887554dae94efa5b3ee29e, type: 3}
  m_Name: 
  m_EditorClassIdentifier: 
  serializationData:
    SerializedFormat: 2
    SerializedBytes: 
    ReferencedUnityObjects:
    - {fileID: 11400000, guid: 1f60dd1feb2978e4289375dd62a48c1b, type: 2}
    SerializedBytesString: 
    Prefab: {fileID: 0}
    PrefabModificationsReferencedUnityObjects: []
    PrefabModifications: []
    SerializationNodes:
    - Name: newText
      Entry: 7
      Data: 0|VariableReference`1[[System.String, mscorlib]], Assembly-CSharp
    - Name: UsarConstante
      Entry: 5
      Data: false
    - Name: ConstantValue
      Entry: 6
      Data: 
    - Name: Variable
      Entry: 10
      Data: 0
    - Name: 
      Entry: 8
      Data: 
  usarColorCompartido: 1
  colorCompartido: {fileID: 11400000, guid: 278333948d489a9439bc080be0c1774c, type: 2}
  txt: {fileID: 102904686791470236}
  sobreEscribirTexto: 1
  vel: 1.5
  altura: 4
  caida: 8
  conCaida: 0
--- !u!114 &114123563866501378
MonoBehaviour:
  m_ObjectHideFlags: 1
  m_PrefabParentObject: {fileID: 0}
  m_PrefabInternal: {fileID: 100100000}
  m_GameObject: {fileID: 1458684534732524}
  m_Enabled: 1
  m_EditorHideFlags: 0
  m_Script: {fileID: 11500000, guid: 6d22aff1670715342b62f8626003fa5d, type: 3}
  m_Name: 
  m_EditorClassIdentifier: 
  serializationData:
    SerializedFormat: 2
    SerializedBytes: 
    ReferencedUnityObjects: []
    SerializedBytesString: 
    Prefab: {fileID: 0}
    PrefabModificationsReferencedUnityObjects: []
    PrefabModifications: []
    SerializationNodes: []
  usarDescripcion: 0
  descripcion: 
  ocultarEvento: 0
  Event: {fileID: 11400000, guid: 87a7e6653460cce4ea06c5f3335966b0, type: 2}
  ocultarRespuesta: 0
  Response:
    m_PersistentCalls:
      m_Calls:
      - m_Target: {fileID: 114876983930310582}
        m_MethodName: OnEventRaised
        m_Mode: 1
        m_Arguments:
          m_ObjectArgument: {fileID: 0}
          m_ObjectArgumentAssemblyTypeName: UnityEngine.Object, UnityEngine
          m_IntArgument: 0
          m_FloatArgument: 0
          m_StringArgument: 
          m_BoolArgument: 0
        m_CallState: 2
    m_TypeName: UnityEngine.Events.UnityEvent, UnityEngine, Version=0.0.0.0, Culture=neutral,
      PublicKeyToken=null
--- !u!114 &114210458950355756
MonoBehaviour:
  m_ObjectHideFlags: 1
  m_PrefabParentObject: {fileID: 0}
  m_PrefabInternal: {fileID: 100100000}
  m_GameObject: {fileID: 1871057539009616}
  m_Enabled: 1
  m_EditorHideFlags: 0
  m_Script: {fileID: 11500000, guid: 6a0806d7d01fc034a892d88e8a2e1415, type: 3}
  m_Name: 
  m_EditorClassIdentifier: 
  serializationData:
    SerializedFormat: 2
    SerializedBytes: 
    ReferencedUnityObjects: []
    SerializedBytesString: 
    Prefab: {fileID: 0}
    PrefabModificationsReferencedUnityObjects: []
    PrefabModifications: []
    SerializationNodes: []
  usarDescripcion: 0
  descripcion: 
  ocultarEvento: 0
  Event: {fileID: 11400000, guid: 85106da1c64c6b2489ddf8073f4ab818, type: 2}
  ocultarRespuesta: 0
  Response:
    m_PersistentCalls:
      m_Calls: []
    m_TypeName: UnityEngine.Events.UnityEvent, UnityEngine, Version=0.0.0.0, Culture=neutral,
      PublicKeyToken=null
  var: {fileID: 11400000, guid: bd36897d81a98ab429b71d340d3d48b6, type: 2}
  newResponse:
    m_PersistentCalls:
      m_Calls:
      - m_Target: {fileID: 114111758359525250}
        m_MethodName: Activar
        m_Mode: 0
        m_Arguments:
          m_ObjectArgument: {fileID: 0}
          m_ObjectArgumentAssemblyTypeName: UnityEngine.Object, UnityEngine
          m_IntArgument: 0
          m_FloatArgument: 0
          m_StringArgument: 
          m_BoolArgument: 0
        m_CallState: 2
    m_TypeName: UnityEventVector3, Assembly-CSharp, Version=0.0.0.0, Culture=neutral,
      PublicKeyToken=null
--- !u!114 &114228276370153756
MonoBehaviour:
  m_ObjectHideFlags: 1
  m_PrefabParentObject: {fileID: 0}
  m_PrefabInternal: {fileID: 100100000}
  m_GameObject: {fileID: 1458684534732524}
  m_Enabled: 1
  m_EditorHideFlags: 0
  m_Script: {fileID: 11500000, guid: 16069f2b6ba88a346bc7c9789c4b183d, type: 3}
  m_Name: 
  m_EditorClassIdentifier: 
  combos:
  - texto: EXCELLENT!!!
    valor: 5
    color: {r: 0.5137255, g: 1, b: 0.91764706, a: 1}
  - texto: '  GREAT!  '
    valor: 3
    color: {r: 0.9117647, g: 0.7954463, b: 0.3687284, a: 1}
  - texto: '   GOOD   '
    valor: 2
    color: {r: 1, g: 0.3137255, b: 0.44705883, a: 1}
  - texto: 
    valor: 1
    color: {r: 0.71323526, g: 0.71323526, b: 0.71323526, a: 0.916}
  actual: -1
  text_ComboPorBarra: {fileID: 11400000, guid: 44551d4f1157082408cf620178507dfa, type: 2}
  color_ComboPorBarra: {fileID: 11400000, guid: 278333948d489a9439bc080be0c1774c,
    type: 2}
  multiplicador_ComboPorBarra: {fileID: 11400000, guid: 0d7dc92f6b4aa8740bee5d0433fc9f60,
    type: 2}
  puntaje_cache: {fileID: 11400000, guid: 313984531aaa97844b0a530a9741be54, type: 2}
--- !u!114 &114439666624381504
MonoBehaviour:
  m_ObjectHideFlags: 1
  m_PrefabParentObject: {fileID: 0}
  m_PrefabInternal: {fileID: 100100000}
  m_GameObject: {fileID: 1458684534732524}
  m_Enabled: 1
  m_EditorHideFlags: 0
  m_Script: {fileID: 11500000, guid: 6d22aff1670715342b62f8626003fa5d, type: 3}
  m_Name: 
  m_EditorClassIdentifier: 
  serializationData:
    SerializedFormat: 2
    SerializedBytes: 
    ReferencedUnityObjects: []
    SerializedBytesString: 
    Prefab: {fileID: 0}
    PrefabModificationsReferencedUnityObjects: []
    PrefabModifications: []
    SerializationNodes: []
  usarDescripcion: 0
  descripcion: 
  ocultarEvento: 0
  Event: {fileID: 11400000, guid: d32bf7d13680683499d288214ea50dfb, type: 2}
  ocultarRespuesta: 0
  Response:
    m_PersistentCalls:
      m_Calls:
      - m_Target: {fileID: 114228276370153756}
        m_MethodName: BarraTocada
        m_Mode: 1
        m_Arguments:
          m_ObjectArgument: {fileID: 0}
          m_ObjectArgumentAssemblyTypeName: UnityEngine.Object, UnityEngine
          m_IntArgument: 0
          m_FloatArgument: 0
          m_StringArgument: 
          m_BoolArgument: 0
        m_CallState: 2
      - m_Target: {fileID: 114690792462911638}
        m_MethodName: ComboBreak
        m_Mode: 1
        m_Arguments:
          m_ObjectArgument: {fileID: 0}
          m_ObjectArgumentAssemblyTypeName: UnityEngine.Object, UnityEngine
          m_IntArgument: 0
          m_FloatArgument: 0
          m_StringArgument: 
          m_BoolArgument: 0
        m_CallState: 2
      - m_Target: {fileID: 114954770256024490}
        m_MethodName: set_Value
        m_Mode: 6
        m_Arguments:
          m_ObjectArgument: {fileID: 0}
          m_ObjectArgumentAssemblyTypeName: UnityEngine.Object, UnityEngine
          m_IntArgument: 0
          m_FloatArgument: 0
          m_StringArgument: 
          m_BoolArgument: 1
        m_CallState: 2
    m_TypeName: UnityEngine.Events.UnityEvent, UnityEngine, Version=0.0.0.0, Culture=neutral,
      PublicKeyToken=null
--- !u!114 &114517745642081068
MonoBehaviour:
  m_ObjectHideFlags: 1
  m_PrefabParentObject: {fileID: 0}
  m_PrefabInternal: {fileID: 100100000}
  m_GameObject: {fileID: 1055975965462716}
  m_Enabled: 1
  m_EditorHideFlags: 0
  m_Script: {fileID: 11500000, guid: 6d22aff1670715342b62f8626003fa5d, type: 3}
  m_Name: 
  m_EditorClassIdentifier: 
  serializationData:
    SerializedFormat: 2
    SerializedBytes: 
    ReferencedUnityObjects: []
    SerializedBytesString: 
    Prefab: {fileID: 0}
    PrefabModificationsReferencedUnityObjects: []
    PrefabModifications: []
    SerializationNodes: []
  usarDescripcion: 0
  descripcion: 
  ocultarEvento: 0
  Event: {fileID: 11400000, guid: bc6895e778921f245b6dadfeb59f4555, type: 2}
  ocultarRespuesta: 0
  Response:
    m_PersistentCalls:
      m_Calls:
      - m_Target: {fileID: 102463068758105394}
        m_MethodName: set_text
        m_Mode: 5
        m_Arguments:
          m_ObjectArgument: {fileID: 0}
          m_ObjectArgumentAssemblyTypeName: UnityEngine.Object, UnityEngine
          m_IntArgument: 0
          m_FloatArgument: 0
          m_StringArgument: 
          m_BoolArgument: 0
        m_CallState: 2
    m_TypeName: UnityEngine.Events.UnityEvent, UnityEngine, Version=0.0.0.0, Culture=neutral,
      PublicKeyToken=null
--- !u!114 &114690792462911638
MonoBehaviour:
  m_ObjectHideFlags: 1
  m_PrefabParentObject: {fileID: 0}
  m_PrefabInternal: {fileID: 100100000}
  m_GameObject: {fileID: 1818877166118866}
  m_Enabled: 1
  m_EditorHideFlags: 0
  m_Script: {fileID: 11500000, guid: 5092e71cde5f9bc4d8048380d02f4d57, type: 3}
  m_Name: 
  m_EditorClassIdentifier: 
  serializationData:
    SerializedFormat: 2
    SerializedBytes: 
    ReferencedUnityObjects:
    - {fileID: 11400000, guid: 716a22351241b75468cc91c2951f5689, type: 2}
    - {fileID: 11400000, guid: b03e152a87195ae4cbafb7258d191e30, type: 2}
    - {fileID: 11400000, guid: 313984531aaa97844b0a530a9741be54, type: 2}
    SerializedBytesString: 
    Prefab: {fileID: 0}
    PrefabModificationsReferencedUnityObjects: []
    PrefabModifications: []
    SerializationNodes:
    - Name: valorPorPaso
      Entry: 7
      Data: 0|VariableReference`1[[System.Single, mscorlib]], Assembly-CSharp
    - Name: UsarConstante
      Entry: 5
      Data: true
    - Name: ConstantValue
      Entry: 4
      Data: 1
    - Name: Variable
      Entry: 6
      Data: 
    - Name: 
      Entry: 8
      Data: 
    - Name: pasoActual
      Entry: 7
      Data: 1|VariableReference`1[[System.Int32, mscorlib]], Assembly-CSharp
    - Name: UsarConstante
      Entry: 5
      Data: false
    - Name: ConstantValue
      Entry: 3
      Data: 1
    - Name: Variable
      Entry: 10
      Data: 0
    - Name: 
      Entry: 8
      Data: 
    - Name: multiplicadorActual
      Entry: 7
      Data: 2|VariableReference`1[[System.Single, mscorlib]], Assembly-CSharp
    - Name: UsarConstante
      Entry: 5
      Data: false
    - Name: ConstantValue
      Entry: 4
      Data: 1
    - Name: Variable
      Entry: 10
      Data: 1
    - Name: 
      Entry: 8
      Data: 
    - Name: puntaje
      Entry: 7
      Data: 3|VariableReference`1[[System.Single, mscorlib]], Assembly-CSharp
    - Name: UsarConstante
      Entry: 5
      Data: false
    - Name: ConstantValue
      Entry: 4
      Data: 0
    - Name: Variable
      Entry: 10
      Data: 2
    - Name: 
      Entry: 8
      Data: 
  usarMultiplicadorExterno: 1
  multExterno: {fileID: 11400000, guid: 0d7dc92f6b4aa8740bee5d0433fc9f60, type: 2}
--- !u!114 &114722355552871996
MonoBehaviour:
  m_ObjectHideFlags: 1
  m_PrefabParentObject: {fileID: 0}
  m_PrefabInternal: {fileID: 100100000}
  m_GameObject: {fileID: 1055975965462716}
  m_Enabled: 1
  m_EditorHideFlags: 0
  m_Script: {fileID: 11500000, guid: 1b17785848887554dae94efa5b3ee29e, type: 3}
  m_Name: 
  m_EditorClassIdentifier: 
  serializationData:
    SerializedFormat: 2
    SerializedBytes: 
    ReferencedUnityObjects:
    - {fileID: 11400000, guid: 44551d4f1157082408cf620178507dfa, type: 2}
    SerializedBytesString: 
    Prefab: {fileID: 0}
    PrefabModificationsReferencedUnityObjects: []
    PrefabModifications: []
    SerializationNodes:
    - Name: newText
      Entry: 7
      Data: 0|VariableReference`1[[System.String, mscorlib]], Assembly-CSharp
    - Name: UsarConstante
      Entry: 5
      Data: false
    - Name: ConstantValue
      Entry: 6
      Data: 
    - Name: Variable
      Entry: 10
      Data: 0
    - Name: 
      Entry: 8
      Data: 
  usarColorCompartido: 1
  colorCompartido: {fileID: 11400000, guid: 278333948d489a9439bc080be0c1774c, type: 2}
  txt: {fileID: 102463068758105394}
  sobreEscribirTexto: 1
  vel: 1.5
  altura: 4
  caida: 8
  conCaida: 0
--- !u!114 &114729748900075180
MonoBehaviour:
  m_ObjectHideFlags: 1
  m_PrefabParentObject: {fileID: 0}
  m_PrefabInternal: {fileID: 100100000}
  m_GameObject: {fileID: 1871057539009616}
  m_Enabled: 1
  m_EditorHideFlags: 0
  m_Script: {fileID: 11500000, guid: 6d22aff1670715342b62f8626003fa5d, type: 3}
  m_Name: 
  m_EditorClassIdentifier: 
  serializationData:
    SerializedFormat: 2
    SerializedBytes: 
    ReferencedUnityObjects: []
    SerializedBytesString: 
    Prefab: {fileID: 0}
    PrefabModificationsReferencedUnityObjects: []
    PrefabModifications: []
    SerializationNodes: []
  usarDescripcion: 0
  descripcion: 
  ocultarEvento: 0
  Event: {fileID: 11400000, guid: bc6895e778921f245b6dadfeb59f4555, type: 2}
  ocultarRespuesta: 0
  Response:
    m_PersistentCalls:
      m_Calls:
      - m_Target: {fileID: 102904686791470236}
        m_MethodName: set_text
        m_Mode: 5
        m_Arguments:
          m_ObjectArgument: {fileID: 0}
          m_ObjectArgumentAssemblyTypeName: UnityEngine.Object, UnityEngine
          m_IntArgument: 0
          m_FloatArgument: 0
          m_StringArgument: 
          m_BoolArgument: 0
        m_CallState: 2
    m_TypeName: UnityEngine.Events.UnityEvent, UnityEngine, Version=0.0.0.0, Culture=neutral,
      PublicKeyToken=null
--- !u!114 &114780490973186230
MonoBehaviour:
  m_ObjectHideFlags: 1
  m_PrefabParentObject: {fileID: 0}
  m_PrefabInternal: {fileID: 100100000}
  m_GameObject: {fileID: 1458684534732524}
  m_Enabled: 1
  m_EditorHideFlags: 0
  m_Script: {fileID: 11500000, guid: 6d22aff1670715342b62f8626003fa5d, type: 3}
  m_Name: 
  m_EditorClassIdentifier: 
  serializationData:
    SerializedFormat: 2
    SerializedBytes: 
    ReferencedUnityObjects: []
    SerializedBytesString: 
    Prefab: {fileID: 0}
    PrefabModificationsReferencedUnityObjects: []
    PrefabModifications: []
    SerializationNodes: []
  usarDescripcion: 0
  descripcion: 
  ocultarEvento: 0
  Event: {fileID: 11400000, guid: 3b2c6d60a0a309047a81c2d13076cb0d, type: 2}
  ocultarRespuesta: 0
  Response:
    m_PersistentCalls:
      m_Calls:
      - m_Target: {fileID: 114228276370153756}
        m_MethodName: Resetear
        m_Mode: 1
        m_Arguments:
          m_ObjectArgument: {fileID: 0}
          m_ObjectArgumentAssemblyTypeName: UnityEngine.Object, UnityEngine
          m_IntArgument: 0
          m_FloatArgument: 0
          m_StringArgument: 
          m_BoolArgument: 0
        m_CallState: 2
    m_TypeName: UnityEngine.Events.UnityEvent, UnityEngine, Version=0.0.0.0, Culture=neutral,
      PublicKeyToken=null
--- !u!114 &114814605537402634
MonoBehaviour:
  m_ObjectHideFlags: 1
  m_PrefabParentObject: {fileID: 0}
  m_PrefabInternal: {fileID: 100100000}
  m_GameObject: {fileID: 1055975965462716}
  m_Enabled: 1
  m_EditorHideFlags: 0
  m_Script: {fileID: 11500000, guid: 6a0806d7d01fc034a892d88e8a2e1415, type: 3}
  m_Name: 
  m_EditorClassIdentifier: 
  serializationData:
    SerializedFormat: 2
    SerializedBytes: 
    ReferencedUnityObjects: []
    SerializedBytesString: 
    Prefab: {fileID: 0}
    PrefabModificationsReferencedUnityObjects: []
    PrefabModifications: []
    SerializationNodes: []
  usarDescripcion: 0
  descripcion: 
  ocultarEvento: 0
  Event: {fileID: 0}
  ocultarRespuesta: 1
  Response:
    m_PersistentCalls:
      m_Calls: []
    m_TypeName: UnityEngine.Events.UnityEvent, UnityEngine, Version=0.0.0.0, Culture=neutral,
      PublicKeyToken=null
  var: {fileID: 11400000, guid: 2c7633c82dd471f4ca4a58b80b59507f, type: 2}
  newResponse:
    m_PersistentCalls:
      m_Calls:
      - m_Target: {fileID: 114722355552871996}
        m_MethodName: Activar
        m_Mode: 0
        m_Arguments:
          m_ObjectArgument: {fileID: 0}
          m_ObjectArgumentAssemblyTypeName: UnityEngine.Object, UnityEngine
          m_IntArgument: 0
          m_FloatArgument: 0
          m_StringArgument: 
          m_BoolArgument: 0
        m_CallState: 2
      - m_Target: {fileID: 114228276370153756}
        m_MethodName: Resetear
        m_Mode: 1
        m_Arguments:
          m_ObjectArgument: {fileID: 0}
          m_ObjectArgumentAssemblyTypeName: UnityEngine.Object, UnityEngine
          m_IntArgument: 0
          m_FloatArgument: 0
          m_StringArgument: 
          m_BoolArgument: 0
        m_CallState: 2
    m_TypeName: UnityEventVector3, Assembly-CSharp, Version=0.0.0.0, Culture=neutral,
      PublicKeyToken=null
--- !u!114 &114876983930310582
MonoBehaviour:
  m_ObjectHideFlags: 1
  m_PrefabParentObject: {fileID: 0}
  m_PrefabInternal: {fileID: 100100000}
  m_GameObject: {fileID: 1818877166118866}
  m_Enabled: 1
  m_EditorHideFlags: 0
  m_Script: {fileID: 11500000, guid: 6d22aff1670715342b62f8626003fa5d, type: 3}
  m_Name: 
  m_EditorClassIdentifier: 
  serializationData:
    SerializedFormat: 2
    SerializedBytes: 
    ReferencedUnityObjects: []
    SerializedBytesString: 
    Prefab: {fileID: 0}
    PrefabModificationsReferencedUnityObjects: []
    PrefabModifications: []
    SerializationNodes: []
  usarDescripcion: 1
  descripcion: Gatillado al ocurrir un "Combo"
  ocultarEvento: 1
  Event: {fileID: 0}
  ocultarRespuesta: 0
  Response:
    m_PersistentCalls:
      m_Calls:
      - m_Target: {fileID: 114690792462911638}
        m_MethodName: Sumar
        m_Mode: 1
        m_Arguments:
          m_ObjectArgument: {fileID: 0}
          m_ObjectArgumentAssemblyTypeName: UnityEngine.Object, UnityEngine
          m_IntArgument: 0
          m_FloatArgument: 0
          m_StringArgument: 
          m_BoolArgument: 0
        m_CallState: 2
      - m_Target: {fileID: 114110971517956970}
        m_MethodName: FormatearTexto
        m_Mode: 1
        m_Arguments:
          m_ObjectArgument: {fileID: 0}
          m_ObjectArgumentAssemblyTypeName: UnityEngine.Object, UnityEngine
          m_IntArgument: 0
          m_FloatArgument: 0
          m_StringArgument: 
          m_BoolArgument: 0
        m_CallState: 2
      - m_Target: {fileID: 114210458950355756}
        m_MethodName: OnEventRaised
        m_Mode: 1
        m_Arguments:
          m_ObjectArgument: {fileID: 0}
          m_ObjectArgumentAssemblyTypeName: UnityEngine.Object, UnityEngine
          m_IntArgument: 0
          m_FloatArgument: 0
          m_StringArgument: 
          m_BoolArgument: 0
        m_CallState: 2
      - m_Target: {fileID: 11400000, guid: 85106da1c64c6b2489ddf8073f4ab818, type: 2}
        m_MethodName: Raise
        m_Mode: 1
        m_Arguments:
          m_ObjectArgument: {fileID: 0}
          m_ObjectArgumentAssemblyTypeName: UnityEngine.Object, UnityEngine
          m_IntArgument: 0
          m_FloatArgument: 0
          m_StringArgument: 
          m_BoolArgument: 0
        m_CallState: 2
      - m_Target: {fileID: 82573230625601828}
        m_MethodName: Play
        m_Mode: 1
        m_Arguments:
          m_ObjectArgument: {fileID: 0}
          m_ObjectArgumentAssemblyTypeName: UnityEngine.Object, UnityEngine
          m_IntArgument: 0
          m_FloatArgument: 0
          m_StringArgument: 
          m_BoolArgument: 0
        m_CallState: 2
    m_TypeName: UnityEngine.Events.UnityEvent, UnityEngine, Version=0.0.0.0, Culture=neutral,
      PublicKeyToken=null
--- !u!114 &114954770256024490
MonoBehaviour:
  m_ObjectHideFlags: 1
  m_PrefabParentObject: {fileID: 0}
  m_PrefabInternal: {fileID: 100100000}
  m_GameObject: {fileID: 1458684534732524}
  m_Enabled: 1
  m_EditorHideFlags: 0
  m_Script: {fileID: 11500000, guid: c56a58e7556f16f418749590a2c22984, type: 3}
  m_Name: 
  m_EditorClassIdentifier: 
  serializationData:
    SerializedFormat: 2
    SerializedBytes: 
    ReferencedUnityObjects: []
    SerializedBytesString: 
    Prefab: {fileID: 0}
    PrefabModificationsReferencedUnityObjects: []
    PrefabModifications: []
    SerializationNodes: []
  usarDescripcion: 1
  descripcion: "1\xB0 Se atrapa una \"moneda\""
  ocultarEvento: 0
  Event: {fileID: 11400000, guid: 6789afe6a26baea4783ab954d12909a1, type: 2}
  ocultarRespuesta: 0
  Response:
    m_PersistentCalls:
      m_Calls:
      - m_Target: {fileID: 114228276370153756}
        m_MethodName: PuntoRealizado
        m_Mode: 1
        m_Arguments:
          m_ObjectArgument: {fileID: 0}
          m_ObjectArgumentAssemblyTypeName: UnityEngine.Object, UnityEngine
          m_IntArgument: 0
          m_FloatArgument: 0
          m_StringArgument: 
          m_BoolArgument: 0
        m_CallState: 2
      - m_Target: {fileID: 114814605537402634}
        m_MethodName: OnEventRaised
        m_Mode: 1
        m_Arguments:
          m_ObjectArgument: {fileID: 0}
          m_ObjectArgumentAssemblyTypeName: UnityEngine.Object, UnityEngine
          m_IntArgument: 0
          m_FloatArgument: 0
          m_StringArgument: 
          m_BoolArgument: 0
        m_CallState: 2
      - m_Target: {fileID: 114954770256024490}
        m_MethodName: set_Value
        m_Mode: 6
        m_Arguments:
          m_ObjectArgument: {fileID: 0}
          m_ObjectArgumentAssemblyTypeName: UnityEngine.Object, UnityEngine
          m_IntArgument: 0
          m_FloatArgument: 0
          m_StringArgument: 
          m_BoolArgument: 0
        m_CallState: 2
      - m_Target: {fileID: 114105052894018122}
        m_MethodName: OnEventRaised
        m_Mode: 1
        m_Arguments:
          m_ObjectArgument: {fileID: 0}
          m_ObjectArgumentAssemblyTypeName: UnityEngine.Object, UnityEngine
          m_IntArgument: 0
          m_FloatArgument: 0
          m_StringArgument: 
          m_BoolArgument: 0
        m_CallState: 2
    m_TypeName: UnityEngine.Events.UnityEvent, UnityEngine, Version=0.0.0.0, Culture=neutral,
      PublicKeyToken=null
  ResponseFalse:
    m_PersistentCalls:
      m_Calls:
      - m_Target: {fileID: 114876983930310582}
        m_MethodName: OnEventRaised
        m_Mode: 1
        m_Arguments:
          m_ObjectArgument: {fileID: 0}
          m_ObjectArgumentAssemblyTypeName: UnityEngine.Object, UnityEngine
          m_IntArgument: 0
          m_FloatArgument: 0
          m_StringArgument: 
          m_BoolArgument: 0
        m_CallState: 2
      - m_Target: {fileID: 114105052894018122}
        m_MethodName: OnEventRaised
        m_Mode: 1
        m_Arguments:
          m_ObjectArgument: {fileID: 0}
          m_ObjectArgumentAssemblyTypeName: UnityEngine.Object, UnityEngine
          m_IntArgument: 0
          m_FloatArgument: 0
          m_StringArgument: 
          m_BoolArgument: 0
        m_CallState: 2
    m_TypeName: UnityEngine.Events.UnityEvent, UnityEngine, Version=0.0.0.0, Culture=neutral,
      PublicKeyToken=null
  booleano: 1
